@article{NYTAfterSerial,
	title={{After 'Serial,' What Podcasts to Listen To}},
	journal={The New York Times},
	entrysubtype = {magazine},
	vol = {},
	number = {},
	pages = {},
	author={Jonah Bromwich},
	year = {2 October 2015},
	url = {http://www.nytimes.com/2015/10/01/business/media/after-serial-what-podcasts-to-listen-to.html?_r=0},
	urldate = {10 October 2015}
	}
@book{ambulantecs,
	title={{Radio Audiences and Participation in the Age of Network Society}},
	author={Tiziano Bonini and Belén Moncús, ed.},
	year = {2014},
	url = {https://books.google.com/books?id=8WS2BQAAQBAJ&pg=PA185&lpg=PA185&dq=radio+ambulante+kickstarter&source=bl&ots=D_sijGVPv6&sig=6-Ic6sydOaEX8B3_fiCn5_EPq2w&hl=en&sa=X&ved=0CDsQ6AEwBWoVChMIyO3Ehe-nyAIVyMo-Ch097g_B\#v=onepage&q=radio%20ambulante%20kickstarter&f=false},
	urldate = {10 October 2015}
	}
@online{DLvsListen,
	title={{Downloads, Listens, Listeners, and About Those Podcast Numbers}},
	organization={Medium},
	author={Pete Davies},
	year = {12 December 2014},
	url = {https://medium.com/@pete/downloads-listens-listeners-and-about-those-podcast-numbers-73a5ee3e2fca},
	urldate = {10 October 2015}
	}
@online{libsyndata,
	title={{Libsyn Sees Record Podcast Network Growth in 2014}},
	organization={Libsyn},
	author={Clark Buckner},
	year = {19 February 2015},
	url = {http://www.libsyn.com/wp-content/uploads/2015/06/PRLibsynNetGrowth021915Final.pdf},
	urldate = {10 October 2015}
	}
@online{KPCB,
	title={{Insights From KPCB U.S. and Global Internet Trends 2015 Report}},
	organization={Smart Insights},
	author={Dave Chaffey},
	year = {11 June 2015},
	url = {http://www.smartinsights.com/internet-marketing-statistics/insights-from-kpcb-us-and-global-internet-trends-2015-report/},
	urldate = {10 October 2015}
	}
@online{ctr,
	title={{Display Advertising Clickthrough Rates}},
	organization={Smart Insights},
	author={Dave Chaffey},
	year = {21 April 2015},
	url = {http://www.smartinsights.com/internet-advertising/internet-advertising-analytics/display-advertising-clickthrough-rates/},
	urldate = {10 October 2015}
	}
@online{voxphil,
	title={{Why Podcasts Have Such Terrible Ads … }},
	organization={Vox},
	author={Phil Edwards},
	year = {28 September 2015},
	url = {http://www.vox.com/2015/9/28/9408375/podcast-ads},
	urldate = {10 October 2015}
	}
@online{talpbc,
	title={{Ira Glass Starts Own Company for 'This American Life,' 'Serial'}},
	organization={Current},
	author={Tyler Falk },
	year = {10 July 2015},
	url = {http://current.org/2015/07/ira-glass-starts-own-company-for-this-american-life-serial/},
	urldate = {10 October 2015}
	}
@article{smartphones,
	title={{Android Users Won't Drop Money on Just Any App}},
	journal={Slate},
	entrysubtype = {magazine},
	vol = {},
	number = {},
	pages = {},
	author={Lily Hay Newman},
	year = {26 June 2014},
	url = {http://www.slate.com/blogs/future_tense/2014/06/26/there_are_twice_as_many_android_users_as_ios_but_ios_users_spend_double.html},
	urldate = {10 October 2015}
	}
@article{PCcars,
	title={{What's Behind the Great Podcast Renaissance?}},
	journal={New York Magazine},
	entrysubtype = {magazine},
	vol = {},
	number = {},
	pages = {},
	author={Kevin Roose},
	year = {30 October 2014},
	url = {http://nymag.com/daily/intelligencer/2014/10/whats-behind-the-great-podcast-renaissance.html\#},
	urldate = {10 October 2015}
	}
@online{radiocars,
	title={{The Remarkable Resilience of Old-Fashioned Radio in the U.S.}},
	organization={Quartz},
	author={John McDuling},
	year = {4 April 2014},
	url = {http://qz.com/195349/the-remarkable-resilience-of-old-fashioned-radio-in-the-us/},
	urldate = {10 October 2015}
	}
@online{gm,
	title={{Chevy Is Bringing Apple CarPlay and Android Auto to the Masses}},
	organization={Gizmodo},
	author={Adam Clark Estes},
	year = {27 May 2015},
	url = {http://gizmodo.com/chevy-is-bringing-apple-carplay-and-android-auto-to-the-1707219276},
	urldate = {10 October 2015}
	}
@article{gartner,
	title={{How Your Car Is Becoming the Next Hot Tech Gadget}},
	journal={Forbes},
	entrysubtype = {magazine},
	vol = {},
	number = {},
	pages = {},
	author={Richard Core},
	year = {23 September 2015},
	url = {http://www.forbes.com/sites/samsungbusiness/2015/09/23/how-your-car-is-becoming-the-next-hot-tech-gadget/},
	urldate = {10 October 2015}
	}
@article{carbuying,
	title={{Average Car in the U.S. Now Over 10 Years Old, a Record}},
	journal={Forbes},
	entrysubtype = {magazine},
	vol = {},
	number = {},
	pages = {},
	author={Jim Henry },
	year = {20 January 2012},
	url = {http://www.forbes.com/sites/jimhenry/2012/01/20/average-car-in-the-u-s-now-over-10-years-old-a-record/},
	urldate = {10 October 2015}
	}
@online{digiday,
	title={{The Measurement Challenge Facing Podcast Advertising }},
	organization={Digiday},
	author={Eric Blattberg},
	year = {5 February 2015},
	url = {http://digiday.com/platforms/measurement-challenge-podcast-advertising/},
	urldate = {10 October 2015}
	}
@article{cjr,
	title={{The Economics of the Podcast Boom}},
	journal={Columbia Journalism Review},
	entrysubtype = {magazine},
	vol = {},
	number = {},
	pages = {},
	author={Ann Friedman },
	year = {20 March 2015},
	url = {http://www.cjr.org/first_person/the_economics_of_the_podcast_boom.php},
	urldate = {10 October 2015}
	}
@online{mars,
	title={{Podcast With Limited Radio Airplay Sets Kickstarter Record}},
	organization={Current},
	author={Andrew Lapin},
	year = {20 August 2012},
	url = {http://current.org/2012/08/podcast-with-limited-radio-airplay-sets-kickstarter-record/},
	urldate = {10 October 2015}
	}
@online{radiotopia,
	title={{Radiotopia Sets Record for Publishing and Radio Funding on Kickstarter}},
	organization={Knight Foundation blog},
	author={Vignesh Ramachandran },
	year = {14 November 2014},
	url = {http://knightfoundation.org/blogs/knightblog/2014/11/14/radiotopia-sets-record-for-publishing-and-radio-funding-on-kickstarter/},
	urldate = {10 October 2015}
	}
@online{million,
	title={{Knight Foundation Invests \$1 Million in Creator-Driven Podcast Collective Radiotopia}},
	organization={Nieman Journalism Lab},
	author={Justin Ellis},
	year = {12 May 2015},
	url = {http://www.niemanlab.org/2015/05/knight-foundation-invests-1-million-in-creator-driven-podcast-collective-radiotopia/},
	urldate = {10 October 2015}
	}
@online{nuzum,
	title={{Amazon's Audible Hires NPR VP of Programming, Signaling Move into Original Podcasting}},
	organization={GeekWire},
	author={James Risley},
	year = {16 May 2015},
	url = {http://www.geekwire.com/2015/amazon-makes-moves-into-original-podcasting-hires-npr-vp-of-programming/},
	urldate = {10 October 2015}
	}
@online{programads,
	title={{How Podcasters Are Turning to New Technologies and Partnerships to Introduce Programmatic Ads}},
	organization={Nieman Journalism Lab},
	author={Joseph Lichterman},
	year = {24 August 2015},
	url = {http://www.niemanlab.org/2015/08/how-podcasters-are-turning-to-new-technologies-and-partnerships-to-introduce-programmatic-ads/},
	urldate = {10 October 2015}
	}
@online{reuters,
	title={{General Electric Producing Science Fiction Podcast Series}},
	organization={Reuters},
	author={Jessica Toonkel},
	year = {2 October 2015},
	url = {http://www.reuters.com/article/2015/10/02/ge-podcasts-idUSL1N11Y1D120151002},
	urldate = {10 October 2015}
	}
@article{adline,
	title={{Ads for Podcasts Test the Line Between Story and Sponsor}},
	journal={The New York Times},
	entrysubtype = {magazine},
	vol = {},
	number = {},
	pages = {},
	author={Dino Grandoni},
	year = {27 July 2015},
	url = {http://www.nytimes.com/2015/07/27/business/media/ads-for-podcasts-test-the-line-between-story-and-sponsor.html?_r=1},
	urldate = {10 October 2015}
	}
@article{slippery,
	title={{Stepping on a Slippery Slope}},
	journal={The New York Times},
	entrysubtype = {magazine},
	vol = {},
	number = {},
	pages = {},
	author={Joe Nocera},
	year = {28 July 2015},
	url = {http://www.nytimes.com/2015/07/28/opinion/joe-nocera-stepping-on-a-slippery-slope.html},
	urldate = {10 October 2015}
	}
@online{morgan,
	title={{How Podcasts Have Changed in Ten Years: By the Numbers}},
	organization={Medium},
	author={Josh Morgan },
	year = {2 September 2015},
	url = {https://medium.com/@slowerdawn/how-podcasts-have-changed-in-ten-years-by-the-numbers-720a6e984e4e},
	urldate = {11 October 2015}
	}
@article{IraLongform,
	title={{Longform Podcast \#159: Ira Glass}},
	journal={Longform},
	entrysubtype = {magazine},
	vol = {},
	number = {},
	pages = {},
	author={Max Linsky},
	year = {23 Sept 2015},
	url = {http://longform.org/posts/longform-podcast-159-ira-glass},
	urldate = {10 October 2015}
	}
@article{wolfdenraphael,
	title={{The Wolf Den \#88: David Raphael, CEO of Public Media Marketing}},
	journal={Earwolf},
	entrysubtype = {magazine},
	vol = {},
	number = {},
	pages = {},
	author={Adam Sachs},
	year = {17 September 2015},
	url = {https://soundcloud.com/the-wolf-den/88-david-raphael-ceo-of-public-media-marketing},
	urldate = {10 October 2015}
	}
@article{lea,
	title={{The Wolf Den \#87: Lea Thau, Creator and Host of Strangers}},
	journal={Earwolf},
	entrysubtype = {magazine},
	vol = {},
	number = {},
	pages = {},
	author={Adam Sachs},
	year = {3 September 2015},
	url = {https://soundcloud.com/the-wolf-den/87-lea-thau-creator-and-host-of-strangers},
	urldate = {10 October 2015}
	}
@online{startup,
	title={{StartUp Season 1}},
	organization={Gimlet Media},
	author={Alex Blumberg},
	year = {7 July 1905},
	url = {},
	urldate = {}
	}
@article{diehnden,
	title={{The Wolf Den \#89: Erik Diehn, Midroll Media VP of Business Development}},
	journal={Earwolf},
	entrysubtype = {magazine},
	vol = {},
	number = {},
	pages = {},
	author={Adam Sachs},
	year = {1 October 2015},
	url = {https://soundcloud.com/the-wolf-den/89-erik-diehn-midroll-media-vp-of-business-development},
	urldate = {11 October 2015}
	}
@letter{heart,
	title={{E-mail message to author}},
	author={Mitra Kaboli },
	year = {3 October 2015},
	url = {},
	urldate = {}
	}
@letter{israel,
	title={{E-mail message to author}},
	author={Benny Becker },
	year = {3 October 2015},
	url = {},
	urldate = {}
	}
@letter{christa,
	title={{E-mail message to author}},
	author={Christa Scharfenberg },
	year = {6 October 2015},
	url = {},
	urldate = {}
	}
@letter{matt,
	title={{E-mail message to author}},
	author={Matt Lieber},
	year = {9 October 2015},
	url = {},
	urldate = {}
	}
@letter{wb,
	title={{Interview with Jenna Weiss-Berman, Buzzfeed}},
	author={},
	year = {7 August 2015},
	url = {},
	urldate = {}
	}
@letter{mosel,
	title={{Interview with Sarah van Mosel, New York Public Radio}},
	author={},
	year = {7 September 2015},
	url = {},
	urldate = {}
	}
@letter{thompson,
	title={{Interview with Caitlin Thompson, Acast}},
	author={},
	year = {17 August 2015},
	url = {},
	urldate = {}
	}
@letter{lieber,
	title={{Interview with Matt Leiber, Gimlet Media}},
	author={},
	year = {28 July 2015},
	url = {},
	urldate = {}
	}
@letter{chang,
	title={{Interview with Clea Conner Chang, Intelligence Squared}},
	author={},
	year = {30 July 2015},
	url = {},
	urldate = {}
	}
@letter{quah,
	title={{Interview with Nicholas Quah, Panoply}},
	author={},
	year = {24 August 2015},
	url = {},
	urldate = {}
	}
@letter{colgan,
	title={{Conversation with Jim Colgan, Audible}},
	author={},
	year = {31 August 2015},
	url = {},
	urldate = {}
	}
@letter{Walch,
	title={{Interview with Rob Walch, Libsyn}},
	author={},
	year = {13 August 2015},
	url = {},
	urldate = {}
	}
@letter{Stengel,
	title={{Interview with Angela Stengel, ABC}},
	author={},
	year = {3 August 2015},
	url = {},
	urldate = {}
	}
@letter{mailchimp,
	title={{Interview with Mark DiCristina, Mailchimp}},
	author={},
	year = {3 September 2015},
	url = {},
	urldate = {}
	}
@letter{lind,
	title={{Interview with Seth Lind, This American Life}},
	author={},
	year = {21 August 2015},
	url = {},
	urldate = {}
	}
@letter{shanok,
	title={{Interview with Noah Shanok, Stitcher}},
	author={},
	year = {17 September 2015},
	url = {},
	urldate = {}
	}
@letter{bowers,
	title={{Interview with Andy Bowers, Panoply}},
	author={},
	year = {2 October 2015},
	url = {},
	urldate = {}
	}
@letter{parvizi,
	title={{Interview with Parviz Parvizi, Clammr}},
	author={},
	year = {25 July 2015},
	url = {},
	urldate = {}
	}
@letter{shapiro,
	title={{Interview with Jake Shapiro, PRX}},
	author={},
	year = {31 July 2015},
	url = {},
	urldate = {}
	}
@letter{lore,
	title={{Interview with Aaron Mahnke, Lore}},
	author={},
	year = {5 October 2015},
	url = {},
	urldate = {}
	}
@letter{reveal,
	title={{Interview with Christa Scharfenberg, Reveal}},
	author={},
	year = {13 August 2015},
	url = {},
	urldate = {}
	}
@letter{monaghan,
	title={{Interview with Brendan Monaghan}},
	author={},
	year = {26 August 2015},
	url = {},
	urldate = {}
	}
@letter{hirway,
	title={{Interview with Hrishikesh Hirway, Song Exploder}},
	author={},
	year = {4 August 2015},
	url = {},
	urldate = {}
	}
@letter{hoffman,
	title={{Interview with Kerri Hoffman, PRX}},
	author={},
	year = {6 August 2015},
	url = {},
	urldate = {}
	}
@online{EdPCconsumer,
	title={{The Podcast Consumer 2015}},
	organization={Edison Research},
	author={},
	year = {25 June 2015},
	url = {http://www.edisonresearch.com/the-podcast-consumer-2015/},
	urldate = {10 October 2015}
	}
@online{statistaradio,
	title={{Statistics and Facts on the U.S. Radio Industry}},
	organization={Statista},
	author={},
	year = {},
	url = {http://www.statista.com/topics/1330/radio/},
	urldate = {10 October 2015}
	}
@online{nielsenradio,
	title={{State of the Media: Audio Today---How America Listens}},
	organization={Nielsen},
	author={},
	year = {5 March 2015},
	url = {http://www.nielsen.com/us/en/insights/reports/2015/state-of-the-media-audio-today-how-america-listens.html},
	urldate = {10 October 2015}
	}
@online{midrollpaper,
	title={{Podcasts by the Numbers}},
	organization={Midroll Media},
	author={},
	year = {},
	url = {http://awesome.midroll.com},
	urldate = {10 October 2015}
	}
@online{clammrfuture,
	title={{Clammr Future of Podcasting 2015}},
	organization={Clammr},
	author={},
	year = {16 July 2014},
	url = {http://www.slideshare.net/clammrapp/20150617-future-of-podcasting-2015-clammr-v-f},
	urldate = {10 October 2015}
	}
@online{petre,
	title={{The Traffic Factories: Metrics at Chartbeat, Gawker Media, and The New York Times}},
	organization={Tow Center for Digital Journalism},
	author={Caitlin Petre},
	year = {7 May 2015},
	url = {http://towcenter.org/research/traffic-factories/},
	urldate = {10 October 2015}
	}
@online{RSSWiki,
	title={{RSS}},
	organization={Wikipedia},
	author={},
	year = {},
	url = {https://en.wikipedia.org/wiki/RSS},
	urldate = {10 October 2015}
	}
@online{WhatisRSS,
	title={{What Is RSS?}},
	organization={problogger.net},
	author={Darren Rowse},
	year = {},
	url = {http://www.problogger.net/what-is-rss/},
	urldate = {10 October 2015}
	}
@online{PCHistoryWiki,
	title={{History of Podcasting}},
	organization={Wikipedia},
	author={},
	year = {},
	url = {https://en.wikipedia.org/wiki/History_of_podcasting},
	urldate = {10 October 2015}
	}
@online{panoplypartners,
	title={{Eleven Shows From Sports Illustrated Join Panoply Podcasting Network}},
	organization={Panoply Media Tumblr},
	author={},
	year = {17 August 2015},
	url = {http://panoplymedia.tumblr.com/post/126958922613/eleven-shows-from-sports-illustrated-join-panoply},
	urldate = {10 October 2015}
	}
@online{hotpodhackathon,
	title={{This American Life's Audio Hackathon, the End of an Indie Podcast, and Audible's New Hire}},
	organization={Hot Pod/Nieman Journalism Lab},
	author={Nicholas Quah},
	year = {22 September 2015},
	url = {http://www.niemanlab.org/2015/09/hot-pod-this-american-lifes-audio-hackathon-the-end-of-an-indy-podcast-and-audibles-new-hire/},
	urldate = {10 October 2015}
	}
@online{ambulante,
	title={{}},
	organization={Kickstarter},
	author={Radio Ambulante},
	year = {25 January 2012},
	url = {https://www.kickstarter.com/projects/1255653356/radio-ambulante/description},
	urldate = {10 October 2015}
	}
@online{panoplyaudiometric,
	title={{Panoply Acquires Next Generation Ad Management and CMS Technology for Podcasters and Podcast Networks}},
	organization={Panoply Media},
	author={},
	year = {11 August 2015},
	url = {http://panoplymedia.tumblr.com/post/126434082888/panoply-acquires-next-generation-ad-management-and},
	urldate = {10 October 2015}
	}
@article{slatepanoply,
	title={{Slate Group Announces Panoply, a Podcasting Network for Media Brands and Authors}},
	journal={Slate},
	entrysubtype = {magazine},
	vol = {},
	number = {},
	pages = {},
	author={},
	year = {25 February 2015},
	url = {http://www.slate.com/articles/briefing/slate_fare/2015/02/panoply_slate_group_announces_new_podcast_network.html},
	urldate = {10 October 2015}
	}
@online{hotpodbrowns,
	title={{Patronage, Screenshorting Audio, and the Cleveland Browns}},
	organization={Nieman Journalism Lab},
	author={Nicholas Quah},
	year = {8 September 2015},
	url = {http://www.niemanlab.org/2015/09/hot-pod-patronage-screenshorting-audio-and-the-cleveland-browns/},
	urldate = {10 October 2015}
	}
@online{techtarget,
	title={{Podcasting Terms: Glossary}},
	organization={WhatIs.com},
	author={},
	year = {},
	url = {http://whatis.techtarget.com/reference/Podcasting-Terms-Glossary},
	urldate = {11 October 2015}
	}
@video{JobsVideo,
	title={{Steve Jobs Announces Switch to Intel and Podcasting}},
	author={},
	year = {21 December 2013},
	url = {https://www.youtube.com/watch?v=K0KNLCbzZUw},
	urldate = {10 October 2015}
	}
@article{iramary,
	title={{How to Listen to a Podcast With Ira and Mary}},
	journal={This American Life},
	entrysubtype = {magazine},
	vol = {},
	number = {},
	pages = {},
	author={},
	year = {3 October 2013},
	url = {https://www.youtube.com/watch?v=8IPV2oSz8m4},
	urldate = {10 October 2015}
	}
@article{wnycstudios,
	title={{WNYC to Open New Podcast Division}},
	journal={The New York Times},
	entrysubtype = {magazine},
	vol = {},
	number = {},
	pages = {},
	author={Ben Sisario},
	year = {12 October 2015},
	url = {http://www.nytimes.com/2015/10/13/business/media/wnyc-to-open-new-podcast-division.html?smid=tw-share},
	urldate = {13 October 2015}
	}
@online{vqlore,
	title={{The Curious Success of Lore: A Case Study}},
	organization={Tow Center for Digital Journalism},
	author={Vanessa Quirk},
	year = {7 October 2015},
	url = {http://towcenter.org/case-study-lore},
	urldate = {20 November 2015}
	}
@online{recodegplay,
	title={{Google Brings Podcasting to Play Music, Swinging at Apple's Dominance}},
	organization={re/code},
	author={Mark Bergen},
	year = {27 October 2015},
	url = {http://recode.net/2015/10/27/google-brings-podcasting-to-play-music-swinging-at-apples-dominance/},
	urldate = {2 December 2015}
	}
@article{varietyPandora,
	title={{Pandora Is Acquiring Music Streaming Service Rdio For \$75 Million (Exclusive)}},
	journal={Variety},
	entrysubtype = {magazine},
	vol = {},
	number = {},
	pages = {},
	author={Janko Roettgers},
	year = {16 November 2015},
	url = {http://variety.com/2015/digital/news/pandora-rdio-acquisition-1201641583/},
	urldate = {2 December 2015}
	}
@online{niemanMessage,
	title={{How did the GE-branded podcast The Message hit No. 1 on iTunes? In part, by sounding nothing like an ad}},
	organization={Nieman Journalism Lab},
	author={Laura Hazard Owen},
	year = {30 November 2015},
	url = {http://www.niemanlab.org/2015/11/how-did-the-ge-branded-podcast-the-message-hit-no-1-on-itunes-in-part-by-sounding-nothing-like-an-ad/},
	urldate = {2 December 2015}
	}
@online{gimletPodcast,
	title={{\#17 Words About Words From Our Sponsors}},
	organization={Gimlet Media},
	author={StartUp},
	year = {19 November 2015},
	url = {https://gimletmedia.com/episode/17-words-about-words-from-our-sponsors/},
	urldate = {2 December 2015}
	}
@article{ftSlateBranded,
	title={{Brands tune into podcast production}},
	journal={Financial Times},
	entrysubtype = {magazine},
	vol = {},
	number = {},
	pages = {},
	author={Shannon Bond},
	year = {23 November 2015},
	url = {http://www.ft.com/cms/s/0/d153ee44-8fd6-11e5-8be4-3506bf20cc2b.html\#ixzz3tASSyhK9},
	urldate = {2 December 2015}
	}
@online{PRXblog,
	title={{The Coin, the Quilt and the Superfan: Radiotopia Fundraising Lessons}},
	organization={PRX},
	author={Maggie Taylor},
	year = {24 November 2015},
	url = {http://blog.prx.org/2015/11/the-coin-the-quilt-and-the-superfan-radiotopia-fundraising-lessons/},
	urldate = {2 December 2015}
	}
@online{niemanPRX,
	title={{How PRX and Radiotopia are rethinking the public radio pledge drive for the podcast era}},
	organization={Nieman Journalism Lab},
	author={Joseph Lichterman},
	year = {27 October 2015},
	url = {http://www.niemanlab.org/2015/10/how-prx-and-radiotopia-are-rethinking-the-public-radio-pledge-drive-for-the-podcast-era/},
	urldate = {2 December 2015}
	}
